<?xml version="1.0" encoding="UTF-8"?><collection xmlns="http://www.loc.gov/MARC21/slim"><record><leader>00481nam--2200169-i-4500</leader><controlfield tag="001">000015398</controlfield><controlfield tag="002">20161230</controlfield><controlfield tag="005">20161230201031</controlfield><controlfield tag="008">060222s1000------------r-----000-0-eng-d</controlfield><datafield ind1=" " ind2=" " tag="040"><subfield code="a">IFIN-HH</subfield></datafield><datafield ind1=" " ind2=" " tag="080"><subfield code="a">539.1.074(043)</subfield></datafield><datafield ind1="1" ind2=" " tag="100"><subfield code="a">Bruijn, Dik De</subfield></datafield><datafield ind1="1" ind2="0" tag="245"><subfield code="a">Dissociative charge exchange of h+2. investigated with a two-particle-detector</subfield><subfield code="c">Dik de bruijn</subfield></datafield><datafield ind1=" " ind2=" " tag="260"><subfield code="a">Amsterdam</subfield><subfield code="b">Universiteit</subfield><subfield code="c">1983</subfield></datafield><datafield ind1=" " ind2=" " tag="300"><subfield code="a">205 P</subfield></datafield><datafield ind1=" " ind2=" " tag="852"><subfield code="a">72438</subfield><subfield code="c">539.19</subfield></datafield><datafield ind1=" " ind2=" " tag="CAT"><subfield code="a">Sys</subfield><subfield code="c">20120717</subfield><subfield code="h">155355</subfield></datafield></record></collection>